@article{carpenter2000bootstrap,
  title={Bootstrap confidence intervals: when, which, what? A practical guide for medical statisticians},
  author={Carpenter, James and Bithell, John},
  journal={Statistics in medicine},
  volume={19},
  number={9},
  pages={1141--1164},
  year={2000},
  publisher={Wiley Online Library}
}
@article{pipper2012versatile,
  title={A versatile method for confirmatory evaluation of the effects of a covariate in multiple models},
  author={Pipper, Christian Bressen and Ritz, Christian and Bisgaard, Hans},
  journal={Journal of the Royal Statistical Society: Series C (Applied Statistics)},
  volume={61},
  number={2},
  pages={315--326},
  year={2012},
  publisher={Wiley Online Library}
}
@article{holst2013linear,
  title={Linear latent variable models: the lava-package},
  author={Holst, Klaus K{\"a}hler and Budtz-J{\o}rgensen, Esben},
  journal={Computational Statistics},
  volume={28},
  number={4},
  pages={1385--1452},
  year={2013},
  publisher={Springer}
}
@book{tsiatis2007semiparametric,
  title={Semiparametric theory and missing data},
  author={Tsiatis, Anastasios},
  year={2007},
  publisher={Springer Science \& Business Media}
}
