@article{pearson1905problem,
  title={The problem of the random walk},
  author={Pearson, Karl},
  journal={Nature},
  volume={72},
  number={1867},
  pages={342},
  year={1905},
  publisher={Nature Publishing Group}
}
