@article{fay2018causal,
  title={Causal estimands and confidence intervals associated with Wilcoxon-Mann-Whitney tests in randomized experiments},
  author={Fay, Michael P and Brittain, Erica H and Shih, Joanna H and Follmann, Dean A and Gabriel, Erin E},
  journal={Statistics in Medicine},
  volume={37},
  number={20},
  pages={2923--2937},
  year={2018},
  publisher={Wiley Online Library}
}
@article{chung2016asymptotically,
  title={Asymptotically valid and exact permutation tests based on two-sample U-statistics},
  author={Chung, EunYi and Romano, Joseph P},
  journal={Journal of Statistical Planning and Inference},
  volume={168},
  pages={97--105},
  year={2016},
  publisher={Elsevier}
}