%MMMMMMMMMM STATS %%%%%%%%%%%%%%%%
@article{peron20XXunbiased,
  title={An unbiased estimation of the net survival benefit in the presence of censored observations.},
  author={P{\'e}ron, Julien and Idlhaj, Maryam and Buyse, Marc and Giai, Joris and Roy, Pascal and Collette, Laurence and Maucort-Boulch, Delphine and {\myname{Brice Ozenne}}},
  journal={Statistics in Medicine},
  year={},
}

@article{ozenne20XXcontroling,
  title={Controlling the familywise error when performing multiple comparisons in a Linear Latent Variable Model.},
  author={{\myname{Brice Ozenne}} and Ebert, Sebastian Elgaard and Budtz-J{\o}rgensen, Esben},
  journal={Psychometrika},
  year={},
}

@article{ozenne20XXsmall,
  title={Small sample maximum likelihood inference in latent variable models.},
  author={{\myname{Brice Ozenne}} and Fisher, Patrick and Budtz-J{\o}rgensen, Esben},
  journal={JRSS-C},
  year={},
}

@article{verbeeck20XXevaluation,
  title={Evaluation of Inferential methods for the Net Benefit and Win Ratio         Statistics.},
  author={Verbeeck, Johan and {\myname{Brice Ozenne}} and Anderson, William N.},
  journal={Journal of Biopharmaceutical Statistics},
  year={},
}

@article{cantagallo20XXnew,
  title={A new measure of treatment effect in clinical trials involving competing risks based on generalized pairwise comparisons.},
  author={Cantagallo, Eva and De Backer, Micka\"{e}l and Kicinski, Michal and {\myname{Brice Ozenne}} Collette, Laurence and Legrand, Catherine and Buyse, Marc and P\'{e}ron, Julien},
  journal={Biometrical Journal},
  year={},
}

@article{norgaard2019preprocessing,
  title={Preprocessing, Prediction and Significance: Framework and Application to Brain Imaging},
  author={Nørgaard, Martin and {\myname{Brice Ozenne}} and Svarer, Claus and Strother, Stephen C. and Frokjaer, Vibe G. and Knudsen, Gitte M. and Ganz, Melanie},
  journal={Information Processing in Medical Imaging (IPMI) conference 2019},
  year={2019},
  url={https://link.springer.com/chapter/10.1007/978-3-030-32251-9_22}
}

@article{ozenne2019estimation,
  title={On the estimation of average treatment effects with right censored time to event outcome and competing risks.},
  author={{\myname{Brice Ozenne}} and Scheike, Thomas Harder and St\ae{}rk, Laila and Gerds, Thomas Alexander},
  journal={Biometrical journal},
  url = {https://arxiv.org/abs/1907.12912},
  year={2019},
}

@article{ozenne2017riskregression,
  title={riskRegression: Predicting the risk of an event using cox regression models},
  author={{\myname{Brice Ozenne}} and S{\o}rensen, Anne Lyngholm and Scheike, Thomas and Torp-Pedersen, Christian and Gerds, Thomas Alexander},
  journal={R Journal},
  volume={9},
  number={2},
  pages={440--460},
  url = {https://journal.r-project.org/archive/2017/RJ-2017-062/index.html},
   year={2017}
}

@article{peron2016extension,
  title={An extension of generalized pairwise comparisons for prioritized outcomes in the presence of censoring},
  author={P{\'e}ron, Julien and Buyse, Marc and {\myname{Brice Ozenne}} and Roche, Laurent and Roy, Pascal},
  journal={Statistical methods in medical research},
	url = {https://doi.org/10.1177\%2F0962280216658320},
	year = {2016},
	publisher = {{SAGE} Publications},
	volume = {27},
	number = {4},
	pages = {1230--1239}
}

@article{ozenne2015precision,
  title={The precision--recall curve overcame the optimism of the receiver operating characteristic curve in rare diseases},
  author={{\myname{Brice Ozenne}} and Subtil, Fabien and Maucort-Boulch, Delphine},
  journal={Journal of clinical epidemiology},
	url = {https://doi.org/10.1016\%2Fj.jclinepi.2015.02.010},
	year = {2015},
	publisher = {Elsevier {BV}},
	volume = {68},
	number = {8},
	pages = {855--859}
}

@article{ozenne2015spatially,
  title={Spatially regularized mixture model for lesion segmentation with application to stroke patients},
  author={{\myname{Brice Ozenne}} and Subtil, Fabien and {\O}stergaard, Leif and Maucort-Boulch, Delphine},
  journal={Biostatistics},
	url = {https://doi.org/10.1093\%2Fbiostatistics\%2Fkxv004},
	year = {2015},
	publisher = {Oxford University Press ({OUP})},
	volume = {16},
	number = {3},
	pages = {580--595}
}

%%%%%%%%%%% THESE %%%%%%%%%%%%%%%%

@phdthesis{ozenne2015modelisation,
  title={Mod{\'e}lisation statistique pour la pr{\'e}diction du pronostic de patients atteints d’un Accident Vasculaire C{\'e}r{\'e}bral},
  author={{\myname{Brice Ozenne}}},
  year={2015},
  url = {https://tel.archives-ouvertes.fr/tel-01233049},
  school={Universit{\'e} Claude Bernard-Lyon I}
}


%%%%%%%%%%% CLINIC %%%%%%%%%%%%%%%%

@article{vadskjaer20XXpsychometric,
  title={Psychometric evaluation of an extended version of the Verbal Affective Memory Test–26},
  author={Vadskjær, Liv Hjordt and {\myname{Brice Ozenne}} and Armanda, Sophia and Dam, Vibeke H. and Jensen, Christian Gaden and Knudsen, Gitte M. and Stenbæk, Dea Siggaard},
  journal={},
  year={}
}

@article{ebert2019molecular,
  title={Molecular imaging of neuroinflammation in patients after mild traumatic brain injury: a longitudinal 123I-CLINDE single photon emission computed tomography study},
  author={Ebert, Sebastian Elgaard and Jensen, Per and {\myname{Brice Ozenne}} and Armand, Sophia and Svarer, Claus and Stenbaek, Dea Siggaard and Moeller, Kirsten and Dyssegaard, Agnete and Thomsen, Gerda and Steinmetz, Jacob and others},
  journal={European journal of neurology},
  year={2019},
  publisher={Wiley Online Library},
  url = {https://onlinelibrary.wiley.com/doi/full/10.1111/ene.13971}
}

@article{ozenne2019individualized,
  title={Individualized quantification of the benefit from reperfusion therapy using stroke predictive models},
  author={{\myname{Brice Ozenne}} and Cho, Tae-Hee and Mikkelsen, Irene Kl{\ae}rke and Hermier, Marc and Thomalla, G{\"o}tz and Pedraza, Salvador and Roy, Pascal and Berthez{\`e}ne, Yves and Nighoghossian, Norbert and {\O}stergaard, Leif and others},
  journal={European Journal of Neuroscience},
  year={2019},
  url={https://onlinelibrary.wiley.com/doi/full/10.1111/ejn.14505},
  publisher={Wiley Online Library}
}

@article{beliveau2020structure,
  title={The structure of the serotonin system: a PET imaging study},
  author={Beliveau, Vincent and {\myname{Brice Ozenne}} and Strother, Stephen and Greve, Douglas N and Svarer, Claus and Knudsen, Gitte Moos and Ganz, Melanie},
  journal={NeuroImage},
  volume={205},
  pages={116240},
  year={2020},
  url={https://www.sciencedirect.com/science/article/pii/S1053811919308316},
  publisher={Elsevier}
}

@article{peron2019assessing,
  title={Assessing long-term survival benefits of immune checkpoint inhibitors using the net survival benefit},
  author={P{\'e}ron, Julien and Lambert, Alexandre and Munier, Stephane and {\myname{Brice Ozenne}} and Giai, Joris and Roy, Pascal and Dalle, St{\'e}phane and Machingura, Abigirl and Maucort-Boulch, Delphine and Buyse, Marc},
  journal={JNCI: Journal of the National Cancer Institute},
  year={2019},
  url={https://academic.oup.com/jnci/article/111/11/1186/5369916}
}

@article{tozlu2019comparison,
  title={Comparison of classification methods for tissue outcome after ischemic stroke},
  author={Tozlu, Ceren and {\myname{Brice Ozenne}} and Cho, Tae-Hee and Nighoghossian, Norbert and Mikkelsen, Irene Klaerke and Derex, Laurent and Hermier, Marc and Pedraza, Salvador and Fiehler, Jens and Ostergaard, Leif and others},
  journal={Eur J Neurosci.},
  volume={50},
  number={10},
  pages={3590-3598},
  year={2019},
  url={https://onlinelibrary.wiley.com/doi/full/10.1111/ejn.14507}
}

@article{madsen2019psychedelic,
  title={Psychedelic effects of psilocybin correlate with serotonin 2A receptor occupancy and plasma psilocin levels},
  author={Madsen, Martin K and Fisher, Patrick M and Burmester, Daniel and Dyssegaard, Agnete and Stenb{\ae}k, Dea S and Kristiansen, Sara and Johansen, Sys S and Lehel, Sczabolz and Linnet, Kristian and Svarer, Claus and {\myname{Brice Ozenne}} and Knudsen, Gitte Moos},
  journal={Neuropsychopharmacology},
  pages={1},
  year={2019},
  publisher={Nature Publishing Group},
  url={https://www.nature.com/articles/s41386-019-0324-9}
}

@article{ip2018pre,
  title={Pre-intervention test-retest reliability of {E}{E}{G} and {E}{R}{P} over four recording intervals},
  author={Ip, Cheng-Teng and Ganz, Melanie and {\myname{Brice Ozenne}} and Sluth, Lasse B and Gram, Mikkel and Viardot, Geoffrey and l'Hostis, Philippe and Danjou, Philippe and Knudsen, Gitte M and Christensen, S{\o}ren R},
  journal={International Journal of Psychophysiology},
  volume={134},
  pages={30--43},
  year={2018},
  url={https://doi.org/10.1016/j.ijpsycho.2018.09.007},
  publisher={Elsevier}
}


@article{borgsted2018amygdala,
  title={Amygdala response to emotional faces in seasonal affective disorder},
  author={Borgsted, Camilla and {\myname{Brice Ozenne}} and Mc Mahon, Brenda and Madsen, Martin K and Hjordt, Liv V and Hageman, Ida and Baar{\'e}, William FC and Knudsen, Gitte M and Fisher, Patrick M},
  journal={Journal of affective disorders},
	url = {https://doi.org/10.1016\%2Fj.jad.2017.12.097},
	year = {2018},
	publisher = {Elsevier {BV}},
	volume = {229},
	pages = {288--295}
}

@article{peron2018analyser,
  title={Analyser et communiquer les crit{\`e}res de survie dans les essais randomis{\'e}s},
  author={P{\'e}ron, Julien and {\myname{Brice Ozenne}}},
  journal={Innovations \& Th{\'e}rapeutiques en Oncologie},
  volume={4},
  number={4},
  pages={175--184},
  year={2018}
  url={10.1684/ito.2018.0133}
}

@article{hjordt2018self,
  title={Self-perceived personality characteristics in seasonal affective disorder and their implications for severity of depression},
  author={Hjordt, Liv Vadskj{\ae}r and Dam, Vibeke H and {\myname{Brice Ozenne}} and Hageman, Ida and Mc Mahon, Brenda and Mortensen, Erik Lykke and Knudsen, Gitte M and Stenb{\ae}k, Dea Siggaard},
  journal={Psychiatry research},
	url = {https://doi.org/10.1016\%2Fj.psychres.2018.02.015},
	year = {2018},
	publisher = {Elsevier {BV}},
	volume = {262},
	pages = {108--114}
}

@article{foged2018verbal,
  title={Verbal learning and memory outcome in selective amygdalohippocampectomy versus temporal lobe resection in patients with hippocampal sclerosis},
  author={Foged, Mette Thrane and Vinter, Kirsten and Stauning, Louise and Kj{\ae}r, Troels W and {\myname{Brice Ozenne}} and Beniczky, S{\'a}ndor and Paulson, Olaf B and Pinborg, Lars H and others},
  journal={Epilepsy \& Behavior},
	url = {https://doi.org/10.1016\%2Fj.yebeh.2017.12.007},
	year = {2018},
	publisher = {Elsevier {BV}},
	volume = {79},
	pages = {180--187}
}

@article{staerk2018standard,
	url = {https://doi.org/10.1111\%2Fjoim.12683},
	year = {2018},
	publisher = {Wiley},
	volume = {283},
	number = {1},
	pages = {45--55},
	author = {L. Staerk and T. A. Gerds and G. Y. H. Lip and {\myname{Brice Ozenne}} and A. N. Bonde and M. Lamberts and E. L. Fosb{\o}l and C. Torp-Pedersen and G. H. Gislason and J. B. Olesen},
	title = {Standard and reduced doses of dabigatran, rivaroxaban and apixaban for stroke prevention in atrial fibrillation: a nationwide cohort study},
	journal = {Journal of Internal Medicine}
}

@article{hjordt2017season,
  title={Season-independent cognitive deficits in seasonal affective disorder and their relation to depressive symptoms},
  author={Hjordt, Liv Vadskj{\ae}r and Stenb{\ae}k, Dea Siggaard and {\myname{Brice Ozenne}} and Mc Mahon, Brenda and Hageman, Ida and Hasselbalch, Steen Gregers and Knudsen, Gitte Moos},
  journal={Psychiatry research},
	url = {https://doi.org/10.1016\%2Fj.psychres.2017.07.056},
	year = {2017},
	publisher = {Elsevier {BV}},
	volume = {257},
	pages = {219--226}
}

@article{beliveau2017high,
  title={A high-resolution in vivo atlas of the human brain's serotonin system},
  author={Beliveau, Vincent and Ganz, Melanie and Feng, Ling and {\myname{Brice Ozenne}} and H{\o}jgaard, Liselotte and Fisher, Patrick M and Svarer, Claus and Greve, Douglas N and Knudsen, Gitte M},
  journal={Journal of Neuroscience},
  volume = {37},
	number = {1},
	pages = {120--128},
	year = {2017},
	publisher = {Society for Neuroscience},
	issn = {0270-6474},
	URL = {http://www.jneurosci.org/content/37/1/120}
}

@article{stenbaek2017brain,
  title={Brain serotonin 4 receptor binding is inversely associated with verbal memory recall},
  author={Stenb{\ae}k, Dea S and Fisher, Patrick M and {\myname{Brice Ozenne}} and Andersen, Emil and Hjordt, Liv V and McMahon, Brenda and Hasselbalch, Steen G and Frokjaer, Vibe G and Knudsen, Gitte M},
  journal={Brain and behavior},
	url = {https://doi.org/10.1002\%2Fbrb3.674},
	year = {2017},
	publisher = {Wiley},
	volume = {7},
	number = {4},
	pages = {e00674}
}

@article{staerk2017resumption,
  title={Resumption of oral anticoagulation following traumatic injury and risk of stroke and bleeding in patients with atrial fibrillation: a nationwide cohort study},
  author={Staerk, Laila and Fosb{\o}l, Emil Loldrup and Lamberts, Morten and Bonde, Anders Nissen and Gadsb{\o}ll, Kasper and Sindet-Pedersen, Caroline and Holm, Ellen A and Gerds, Thomas Alexander and {\myname{Brice Ozenne}} and Lip, Gregory YH and others},
  journal={European heart journal},
	url = {https://doi.org/10.1093\%2Feurheartj\%2Fehx598},
	year = {2017},
	publisher = {Oxford University Press ({OUP})},
	volume = {39},
	number = {19},
	pages = {1698--1705a}
}

@article{fisher2017bdnf,
  title={BDNF val66met association with serotonin transporter binding in healthy humans},
  author={Fisher, PM and {\myname{Brice Ozenne}} and Svarer, C and Adamsen, D and Lehel, S and Baar{\'e}, WFC and Jensen, PS and Knudsen, GM},
  journal={Translational psychiatry},
	url = {https://doi.org/10.1038\%2Ftp.2016.295},
	year = {2017},
	publisher = {Springer Nature},
	volume = {7},
	number = {2},
	pages = {e1029--e1029}
}


@article{foged2017safety,
  title={Safety and EEG data quality of concurrent high-density EEG and high-speed fMRI at 3 Tesla},
  author={Foged, Mette Thrane and Lindberg, Ulrich and Vakamudi, Kishore and Larsson, Henrik BW and Pinborg, Lars H and Kj{\ae}r, Troels W and Fabricius, Martin and Svarer, Claus and {\myname{Brice Ozenne}} and Thomsen, Carsten and others},
  journal={PloS one},
	url = {https://doi.org/10.1371\%2Fjournal.pone.0178409},
	year = {2017},
	publisher = {Public Library of Science ({PLoS})},
	volume = {12},
	number = {5},
	pages = {e0178409}
}

@article{peron2016net,
  title={The net chance of a longer survival as a patient-oriented measure of treatment benefit in randomized clinical trials},
  author={P{\'e}ron, Julien and Roy, Pascal and {\myname{Brice Ozenne}} and Roche, Laurent and Buyse, Marc},
  journal={JAMA oncology},
	url = {https://doi.org/10.1001\%2Fjamaoncol.2015.6359},
	year = {2016},
	publisher = {American Medical Association ({AMA})},
	volume = {2},
	number = {7},
	pages = {901}
}

@article{staerk2016ischaemic,
  title={Ischaemic and haemorrhagic stroke associated with non-vitamin K antagonist oral anticoagulants and warfarin use in patients with atrial fibrillation: a nationwide cohort study},
  author={Staerk, Laila and Fosb{\o}l, Emil Loldrup and Lip, Gregory YH and Lamberts, Morten and Bonde, Anders Nissen and Torp-Pedersen, Christian and {\myname{Brice Ozenne}} and Gerds, Thomas Alexander and Gislason, Gunnar Hilmar and Olesen, Jonas Bjerring},
  journal={European heart journal},
	url = {https://doi.org/10.1093\%2Feurheartj\%2Fehw496},
	year = {2016},
	publisher = {Oxford University Press ({OUP})},
	pages = {907--915}
	volume = {12},
	number = {21},
}

@article{peron2016assessment,
  title={An assessment of the benefit-risk balance of FOLFIRINOX in metastatic pancreatic adenocarcinoma},
  author={P{\'e}ron, Julien and Roy, Pascal and Conroy, Thierry and Desseigne, Fran{\c{c}}oise and Ychou, Marc and Gourgou-Bourgade, Sophie and Stanbury, Trevor and Roche, Laurent and {\myname{Brice Ozenne}} and Buyse, Marc},
  journal={Oncotarget},
	url = {https://doi.org/10.18632\%2Foncotarget.12761},
	year = {2016},
	publisher = {Impact Journals, {LLC}},
	volume = {7},
	number = {50}
}

@article{ozenne2015evaluation,
  title={Evaluation of Early Reperfusion Criteria in Acute Ischemic Stroke},
  author={{\myname{Brice Ozenne}} and Cho, Tae-Hee and Mikkelsen, Irene Kl{\ae}rke and Hermier, Marc and Ribe, Lars and Thomalla, G{\"o}tz and Pedraza, Salvador and Baron, Jean-Claude and Roy, Pascal and Berthez{\`e}ne, Yves and others},
  journal={Journal of Neuroimaging},
	url = {https://doi.org/10.1111\%2Fjon.12255},
	year = {2015},
	publisher = {Wiley},
	volume = {25},
	number = {6},
	pages = {952--958}
}

@article{hermitte2013very,
  title={Very low cerebral blood volume predicts parenchymal hematoma in acute ischemic stroke},
  author={Hermitte, Laure and Cho, Tae-Hee and {\myname{Brice Ozenne}} and Nighoghossian, Norbert and Mikkelsen, Irene Kl{\ae}rke and Ribe, Lars and Baron, Jean-Claude and {\O}stergaard, Leif and Derex, Laurent and Hjort, Niels and others},
  journal={Stroke},
  url = {https://doi.org/10.1161\%2Fstrokeaha.113.001751},
  year = {2013},
  publisher = {Ovid Technologies (Wolters Kluwer Health)},
  volume = {44},
  number = {8},
  pages = {2318--2320}
}










                  








