@article{bland1995calculating,
  title={Calculating correlation coefficients with repeated observations: Part 2â€”Correlation between subjects},
  author={Bland, J Martin and Altman, Douglas G},
  journal={Bmj},
  volume={310},
  number={6980},
  pages={633},
  year={1995},
  publisher={British Medical Journal Publishing Group}
}

@article{Lipsitz2001partial,
author = {Lipsitz, Stuart R. and Leong, Traci and Ibrahim, Joseph and Lipshultz, Steven},
title = {A Partial Correlation Coefficient and Coefficient of Determination for Multivariate Normal Repeated Measures Data},
journal = {Journal of the Royal Statistical Society: Series D (The Statistician)},
volume = {50},
number = {1},
pages = {87-95},
keywords = {Clustered data, Coefficient of determination, Likelihood ratio statistic, Longitudinal data, Wald statistic},
doi = {https://doi.org/10.1111/1467-9884.00263},
url = {https://rss.onlinelibrary.wiley.com/doi/abs/10.1111/1467-9884.00263},
eprint = {https://rss.onlinelibrary.wiley.com/doi/pdf/10.1111/1467-9884.00263},
year = {2001}
}
@article{bakdash2017repeated,
  title={Repeated measures correlation},
  author={Bakdash, Jonathan Z and Marusich, Laura R},
  journal={Frontiers in psychology},
  volume={8},
  pages={456},
  year={2017},
  publisher={Frontiers Media SA}
}
@article{shan2020correlation,
  title={Correlation coefficients for a study with repeated measures},
  author={Shan, Guogen and Zhang, Hua and Jiang, Tao},
  journal={Computational and mathematical methods in medicine},
  volume={2020},
  year={2020},
  publisher={Hindawi}
}
