@book{tsiatis2007semiparametric,
  title={Semiparametric theory and missing data},
  author={Tsiatis, Anastasios},
  year={2007},
  publisher={Springer Science \& Business Media}
}
@article{zhang2010increasing,
  title={Increasing the efficiency of prevention trials by incorporating baseline covariates},
  author={Zhang, Min and Gilbert, Peter B},
  journal={Statistical communications in infectious diseases},
  volume={2},
  number={1},
  year={2010},
  publisher={De Gruyter}
}
