@article{vanderweele2010odds,
  title={Odds ratios for mediation analysis for a dichotomous outcome},
  author={VanderWeele, Tyler J and Vansteelandt, Stijn},
  journal={American journal of epidemiology},
  volume={172},
  number={12},
  pages={1339--1348},
  year={2010},
  publisher={Oxford University Press}
}
